<record><leader>00000cas a2200000 a 4500</leader><controlfield tag="001">12283024</controlfield><controlfield tag="008">850719d18961898ksuwr ne      0    0eng d</controlfield><datafield ind1=" " ind2=" " tag="010"><subfield code="a">sn 85030732 </subfield></datafield><datafield ind1=" " ind2=" " tag="040"><subfield code="a">KSH</subfield><subfield code="b">eng</subfield><subfield code="c">KSH</subfield><subfield code="d">NPT</subfield><subfield code="d">OCL</subfield><subfield code="d">OCLCQ</subfield></datafield><datafield ind1=" " ind2=" " tag="042"><subfield code="a">msc</subfield></datafield><datafield ind1="0" ind2=" " tag="130"><subfield code="a">Kansan (Hutchinson, Kan.)</subfield></datafield><datafield ind1="1" ind2="4" tag="245"><subfield code="a">The Kansan.</subfield></datafield><datafield ind1=" " ind2=" " tag="260"><subfield code="a">Hutchinson, Kan. :</subfield><subfield code="b">Hutchinson Print. Co. &amp; Fred W. Casner,</subfield><subfield code="c">1896-1898.</subfield></datafield><datafield ind1=" " ind2=" " tag="300"><subfield code="a">4 v. :</subfield><subfield code="b">ill. ;</subfield><subfield code="c">50-57 cm.</subfield></datafield><datafield ind1=" " ind2=" " tag="310"><subfield code="a">Weekly</subfield></datafield><datafield ind1="0" ind2=" " tag="362"><subfield code="a">Vol. 2, no. 42 (Jan. 3, 1896)-v. 5, no. 24 (Aug. 26, 1898).</subfield></datafield><datafield ind1=" " ind2=" " tag="500"><subfield code="a">Published by: Fred W. Casner, Feb. 14-Mar. 6, 1896; Casner &amp; Henney, Mar. 13, 1896-Aug. 26, 1898.</subfield></datafield><datafield ind1=" " ind2=" " tag="500"><subfield code="a">"Republican."</subfield></datafield><datafield ind1=" " ind2=" " tag="752"><subfield code="a">United States</subfield><subfield code="b">Kansas</subfield><subfield code="c">Reno</subfield><subfield code="d">Hutchinson.</subfield></datafield><datafield ind1="0" ind2="0" tag="780"><subfield code="t">Haven item</subfield><subfield code="w">(DLC)sn 85030731</subfield></datafield><datafield ind1="0" ind2="0" tag="785"><subfield code="t">Mail (Hutchinson, Kan.)</subfield><subfield code="w">(DLC)sn 85030733</subfield></datafield></record>